@book{abr:96,
  author =	 {Abrial,J.-R.},
  year =	 1996,
  title =	 {{The B Book -- Assigning Programs to Meanings}},
  publisher =	 {Cambridge University Press}
}

@inproceedings{acd:92,
  author =	 {Alur,R. and Courcoubetis,C. and Dill,D. and
                  Halbwachs,N. and {Wong-Toi},H.},
  title =	 {An implementation of three algorithms for timing
                  verification based on automata emptiness},
  booktitle =	 {Proceedings of the 13th IEEE Real-Time Systems
                  Symposium},
  pages =	 {157-166},
  year =	 1992,
  annote =	 {Minimization. DBMs.}
}

@inproceedings{al:97,
  author =	 {{Ben-Abdallah},H. and Lee,I.},
  month =	 jan,
  year =	 1997,
  title =	 {The Integrated Specification and Analysis of
                  Functional, Temporal and Resource Requirements},
  booktitle =	 {Proceedings of 3rd IEEE International Symposium on Requirements
                  Engineering},
  annote =	 {Requirements, GCSR}
}

@Misc{lb:10,
  author = 	 {Wikibooks},
  title = 	 {Latex/Bibliography Management},
  howpublished = {[Online]. Available at: \href{http://en.wikibooks.org/wiki/LaTeX/Bibliography\_Management}{http://en.wikibooks.org/wiki/LaTeX/Bibliography\_Management}},
  year = 	 2010,
  note = 	 {(Accessed: 4 January 2010)}
}

@Misc{fau:11,
  author = 	 {Fauske,K.},
  title = 	 {{TikZ and PGF}},
  howpublished = {[Online]. Available at: \href{http://www.texample.net/}{http://www.texample.net/}},
  url =          {http://www.texample.net/},
  year = 	 2011,
  note = 	 {(Accessed: 24-06-2011)}
}
